@book{burns2019,
  author    = {Brendan Burns and Joe Beda and Kelsey Hightower},
  title     = {Kubernetes: Up and Running},
  year      = {2019},
  edition   = {2},
  publisher = {O'Reilly Media},
  address   = {USA}
}

@misc{cncf2023,
  author = {Cloud Native Computing Foundation},
  title = {Kubernetes Documentation},
  year = {2023},
  url = {https://kubernetes.io/docs/}
}

@misc{google2023,
  author = {Google Cloud},
  title = {Kubernetes Basics},
  year = {2023},
  url = {https://cloud.google.com/kubernetes-engine/docs/concepts/kubernetes-engine-overview}
}
