@book{hussain2021,
  author    = {Muntazir Hussain},
  title     = {Infrastructure as Code and Server Orchestration},
  year      = {2021},
  publisher = {Packt Publishing},
  address   = {UK}
}

@misc{ansible2023,
  author = {Red Hat},
  title = {Ansible Automation Platform Documentation},
  year = {2023},
  url = {https://docs.ansible.com/}
}

@misc{hashicorp2023,
  author = {HashiCorp},
  title = {Terraform Documentation},
  year = {2023},
  url = {https://developer.hashicorp.com/terraform/docs}
}

@misc{kubernetes2023,
  author = {Cloud Native Computing Foundation},
  title = {Kubernetes Documentation},
  year = {2023},
  url = {https://kubernetes.io/docs/}
}
