@book{newman2021,
  author    = {Sam Newman},
  title     = {Building Microservices: Designing Fine-Grained Systems},
  year      = {2021},
  edition   = {2},
  publisher = {O'Reilly Media},
  address   = {USA}
}

@misc{martinfowler2023,
  author = {Martin Fowler},
  title = {Microservices Resource Guide},
  year = {2023},
  url = {https://martinfowler.com/microservices/}
}

@misc{netflix2023,
  author = {Netflix Tech Blog},
  title = {Evolution to Microservices Architecture},
  year = {2023},
  url = {https://netflixtechblog.com/}
}
