@techreport{hardt2012,
  author      = {Dick Hardt},
  title       = {The OAuth 2.0 Authorization Framework},
  institution = {Internet Engineering Task Force (IETF)},
  year        = {2012},
  number      = {RFC 6749},
  url         = {https://www.rfc-editor.org/rfc/rfc6749}
}

@misc{okta2023,
  author = {Okta Inc.},
  title  = {What is OAuth 2.0?},
  year   = {2023},
  url    = {https://www.okta.com/identity-101/what-is-oauth-2-0/}
}

@misc{auth0docs2023,
  author = {Auth0},
  title  = {OAuth 2.0 and OpenID Connect Overview},
  year   = {2023},
  url    = {https://auth0.com/docs/get-started/authentication-and-authorization-flow}
}
