@book{wiggins2017,
  author    = {Adam Wiggins},
  title     = {The Twelve-Factor App},
  year      = {2017},
  publisher = {Heroku Press},
  address   = {USA},
  url       = {https://12factor.net/}
}

@misc{aws2023,
  author = {Amazon Web Services},
  title  = {Best Practices for Building Cloud-Native Applications},
  year   = {2023},
  url    = {https://aws.amazon.com/architecture/}
}

@misc{microsoft2023,
  author = {Microsoft Azure},
  title  = {Cloud Design Patterns and Practices},
  year   = {2023},
  url    = {https://learn.microsoft.com/en-us/azure/architecture/patterns/}
}
